@article{jiang2017information,
  title={Information shocks and short-term market underreaction},
  author={Jiang, George J and Zhu, Kevin X},
  journal={Journal of Financial Economics},
  volume={124},
  number={1},
  pages={43--64},
  year={2017},
  publisher={Elsevier}
}

@ARTICLE{abadie2003economic,
  title={The Economic Costs of Conflict: A Case Study of the Basque Country},
  author={Abadie, Alberto and Gardeazabal, Javier},
  journal={American Economic Review},
  volume={93},
  number={1},
  pages={113--132},
  year={2003}
}
@article{chinco2019sparse,
  title={Sparse signals in the cross-section of returns},
  author={Chinco, Alex and Clark-Joseph, Adam D and Ye, Mao},
  journal={The Journal of Finance},
  volume={74},
  number={1},
  pages={449--492},
  year={2019},
  publisher={Wiley Online Library}
}
@article{bodilsen2023exploiting,
  title={Exploiting news analytics for volatility forecasting},
  author={Bodilsen, Simon Tranberg and Lunde, Asger},
  journal={Available at SSRN 4401032},
  year={2023}
}
@book{clements1998forecasting,
  title={Forecasting economic time series},
  author={Clements, Michael and Hendry, David F},
  year={1998},
  publisher={Cambridge University Press}
}
@article{fatemi2023mitigating,
  title={Mitigating cold-start forecasting using cold causal demand forecasting model},
  author={Fatemi, Zahra and Huynh, Minh and Zheleva, Elena and Syed, Zamir and Di, Xiaojun},
  journal={arXiv preprint arXiv:2306.09261},
  year={2023}
}

@article{clements2005guest,
  title={Guest Editors' introduction: Information in economic forecasting},
  author={Clements, Michael P and Hendry, David F},
  journal={Oxford Bulletin of Economics \& Statistics},
  volume={67},
  number={S1},
  pages={713--753},
  year={2005}
}

@article{castle2013forecasting,
  title={Forecasting by factors, by variables, by both or neither?},
  author={Castle, Jennifer L and Clements, Michael P and Hendry, David F},
  journal={Journal of Econometrics},
  volume={177},
  number={2},
  pages={305--319},
  year={2013},
  publisher={Elsevier}
}

@article{abadie2010synthetic,
  title={Synthetic control methods for comparative case studies: Estimating the effect of Californiaâ€™s tobacco control program},
  author={Abadie, Alberto and Diamond, Alexis and Hainmueller, Jens},
  journal={Journal of the American Statistical Association},
  volume={105},
  number={490},
  pages={493--505},
  year={2010},
  publisher={Taylor \& Francis}
}

@article{lundquist2024volatility,
  title={Volatility Forecasting Using Similarity-based Parameter Correction and Aggregated Shock Information},
  author={Lundquist, David and Eck, Daniel},
  journal={arXiv preprint arXiv:2406.08738},
  year={2024}
}

@article{lin2021minimizing,
  title={Minimizing post-shock forecasting error through aggregation of outside information},
  author={Lin, Jilei and Eck, Daniel J},
  journal={International Journal of Forecasting},
  year={2021},
  publisher={Elsevier}
}